@inproceedings{inproceedings,
  author = {Balko, Peter and Rosinova, Danica},
  year   = {2017},
  month  = {06},
  pages  = {252-257},
  title  = {Modeling of magnetic levitation system},
  doi    = {10.1109/PC.2017.7976222}
}

@misc{IntecoMLS,
  title        = {Magnetic Levitation Systems | INTECO},
  author       = {INTECO},
  year         = {2014},
  howpublished = {\url{https://www.inteco.com.pl/products/magnetic-levitation-systems/}},
  note         = {[Online; accessed 26-September-2024]}
}