@inproceedings{inproceedings,
  author = {Balko, Peter and Rosinova, Danica},
  year   = {2017},
  month  = {06},
  pages  = {252-257},
  title  = {Modeling of magnetic levitation system},
  doi    = {10.1109/PC.2017.7976222}
}

@manual{INTECO,
  author = {INTECO},
  title  = {Magnetic Levitation System 2EM, User manual}
}

@book{Inductance_modelling,
  author = {Unkown},
  title  = {Simplified approach to modeling}
}

@manual{MATLAB,
  author = {MATLAB},
  title  = {MATLAB Documentation}
}

\textbf{Varshney e Bhushan}, "Trajectory tracking and ball position control of magnetic levitation system using Swarm intelligence technique", 2020.
\textbf{Rosinova e Hypiusova}, "Comparison of non linear and linear controller for magnetic levitation system", 2021.
\textbf{Hypiusova e Kozakova}, "Robust PID controller design for magnetic levitation system: frequency domain approach", 2017.
\textbf{Almobaied}, "Design a robust proportional derivative gain scheduling control for a magnetic levitation system", 2023.
\textbf{Khorasani}, "Magnetic levitation system: analysis and control", 2019.
\textbf{Kebriaei}, "Magnetic levitation system", 2023.
\textbf{Pilat}, "Testing Performance and Reliability of Magnetic Suspension Controllers" 2009.
\textbf{Pilat}, "Programmable analog hardware for control systems exampled by magnetic suspension", 2005.
\textbf{Pilar}, "Neural adapted controller learned on-line in real time", 2009.