  @misc{WikiSCMaglev,
  author       = {{Wikipedia contributors}},
  title        = {SCMaglev --- {Wikipedia}{,} The Free Encyclopedia},
  year         = {2024},
  howpublished = {\url{https://en.wikipedia.org/w/index.php?title=SCMaglev&oldid=1243224393}},
  note         = {[Online; accessed 28-September-2024]}
}